<?xml version="1.0" encoding="UTF-8"?>
<record xmlns="http://www.loc.gov/MARC21/slim" xmlns:xsi="http://www.w3.org/2001/XMLSchema-instance" xsi:schemaLocation="http://www.loc.gov/MARC21/slim http://www.loc.gov/standards/marcxml/schema/MARC21slim.xsd">
<leader>     nam a2200325 a 4500</leader>
<controlfield tag="001">001496933</controlfield>
<controlfield tag="003">NNU</controlfield>
<controlfield tag="005">20061010173131.0</controlfield>
<controlfield tag="008">990210s1885    le      a     000 0 ara d</controlfield>
<datafield tag="035" ind1="9" ind2=" ">
<subfield code="a">NYUb11957559</subfield>
</datafield>
<datafield tag="035" ind1=" " ind2=" ">
<subfield code="a">(CStRLIN)NYUG99-B428</subfield>
</datafield>
<datafield tag="040" ind1=" " ind2=" ">
<subfield code="a">NjP</subfield>
<subfield code="c">NjP</subfield>
<subfield code="d">NNU</subfield>
</datafield>
<datafield tag="066" ind1=" " ind2=" ">
<subfield code="c">(3</subfield>
</datafield>
<datafield tag="090" ind1=" " ind2=" ">
<subfield code="a">D198.3</subfield>
<subfield code="b">.I2 1885</subfield>
</datafield>
<datafield tag="100" ind1="1" ind2=" ">
<subfield code="6">880-01</subfield>
<subfield code="a">Ibn al-Jawzī, Abū al-Faraj ʻAbd al-Raḥmān ibn ʻAlī,</subfield>
<subfield code="d">1116 (ca.)-1201.</subfield>
</datafield>
<datafield tag="240" ind1="1" ind2="0">
<subfield code="6">880-02</subfield>
<subfield code="a">Khulāṣat al-Dhahab al-masbūk</subfield>
</datafield>
<datafield tag="245" ind1="1" ind2="0">
<subfield code="6">880-03</subfield>
<subfield code="a">Kitāb khulāṣat al-Dhahab al-masbūk :</subfield>
<subfield code="b">mukhtaṣar min Siyar al-mulūk /</subfield>
<subfield code="c">taʼlīf ʻAbd al-Raḥmān Sunbaṭ Qanītū al-Irbilī.</subfield>
</datafield>
<datafield tag="260" ind1=" " ind2=" ">
<subfield code="6">880-04</subfield>
<subfield code="a">[Beirut] :</subfield>
<subfield code="b">Maṭbaʻat al-Qiddīs Jāwirjiyūs lil-Rūm al-Urthūdhuksī,</subfield>
<subfield code="c">1885.</subfield>
</datafield>
<datafield tag="300" ind1=" " ind2=" ">
<subfield code="a">239 p. ;</subfield>
<subfield code="c">24 cm.</subfield>
</datafield>
<datafield tag="500" ind1=" " ind2=" ">
<subfield code="a">Abridgment by ʻAbd al-Raḥmān al-Irbilī.</subfield>
</datafield>
<datafield tag="500" ind1=" " ind2=" ">
<subfield code="a">Really by Ibn al-Jawzī, though ascribed in this book to Ibn al-Sāʻī.</subfield>
</datafield>
<datafield tag="651" ind1=" " ind2="0">
<subfield code="a">Islamic Empire</subfield>
<subfield code="x">Kings and rulers</subfield>
<subfield code="v">Early works to 1800.</subfield>
</datafield>
<datafield tag="700" ind1="1" ind2=" ">
<subfield code="6">880-05</subfield>
<subfield code="a">Ibn Qanīnū, ʻAbd al-Raḥmān ibn Ibrāhīm,</subfield>
<subfield code="d">1242 or 3-1317 or 18.</subfield>
</datafield>
<datafield tag="700" ind1="1" ind2=" ">
<subfield code="6">880-06</subfield>
<subfield code="a">Ibn al-Sāʻī, ʻAlī ibn Anjab,</subfield>
<subfield code="d">1196 or 7-1275.</subfield>
</datafield>
<datafield tag="880" ind1="1" ind2=" ">
<subfield code="6">100-01/</subfield>
<subfield code="a">ابن الجوزي، أبو الفرج عبد الرحمن بن علي.</subfield>
</datafield>
<datafield tag="880" ind1="1" ind2="0">
<subfield code="6">240-02/</subfield>
<subfield code="a">خلاصة الذهب المسبوك</subfield>
</datafield>
<datafield tag="880" ind1="1" ind2="0">
<subfield code="6">245-03/</subfield>
<subfield code="a">كتاب خلاصة الذهب المسبوك :</subfield>
<subfield code="b">مختصر من سير الملوك /</subfield>
<subfield code="c">تأليف عبد الرحمن سنبط قنيتو الاربلي.</subfield>
</datafield>
<datafield tag="880" ind1=" " ind2=" ">
<subfield code="6">260-04/</subfield>
<subfield code="a">[Beirut] :</subfield>
<subfield code="b">مطبعة القديس جاورجيوس للروم الارثوذكسي،</subfield>
<subfield code="c">١٨٨٥.</subfield>
</datafield>
<datafield tag="880" ind1="1" ind2=" ">
<subfield code="6">700-05/</subfield>
<subfield code="a">اربلي، عبد الرحمن بن ابراهيم.</subfield>
</datafield>
<datafield tag="880" ind1="1" ind2=" ">
<subfield code="6">700-06/</subfield>
<subfield code="a">ابن الساعي، علي بن انجب.</subfield>
</datafield>
<datafield tag="OWN" ind1=" " ind2=" ">
<subfield code="a">GENERAL</subfield>
</datafield>
<datafield tag="998" ind1=" " ind2=" ">
<subfield code="a">19990210</subfield>
<subfield code="d">19990210</subfield>
<subfield code="d">20020123</subfield>
<subfield code="n">NNU</subfield>
<subfield code="s">1</subfield>
<subfield code="t">c</subfield>
<subfield code="z">p</subfield>
</datafield>
<datafield tag="AVA" ind1=" " ind2=" ">
<subfield code="a">NYU50</subfield>
<subfield code="b">BOBST</subfield>
<subfield code="c">Main Collection</subfield>
<subfield code="d">D198.3 .I2 1885</subfield>
<subfield code="e">unavailable</subfield>
<subfield code="t">Unavailable</subfield>
<subfield code="f">1</subfield>
<subfield code="g">1</subfield>
<subfield code="h">N</subfield>
<subfield code="i">0</subfield>
<subfield code="j">MAIN</subfield>
<subfield code="k">0</subfield>
</datafield>
</record>
